<mx:record xmlns="http://www.w3.org/TR/xhtml1/strict" xmlns:mx="http://www.loc.gov/MARC21/slim" xmlns:xsi="http://www.w3.org/2001/XMLSchema-instance"><mx:leader>00037nz  2200037n  45 0</mx:leader><mx:controlfield tag="001">oca07593294 </mx:controlfield><mx:controlfield tag="005">20071130052228.0</mx:controlfield><mx:controlfield tag="008">071126n| acannaabn          |a aaa     c</mx:controlfield><mx:datafield ind1=" " ind2=" " tag="010"><mx:subfield code="a">no2007145762</mx:subfield></mx:datafield><mx:datafield ind1=" " ind2=" " tag="040"><mx:subfield code="a">IEN-Mu</mx:subfield><mx:subfield code="b">eng</mx:subfield><mx:subfield code="c">IEN-Mu</mx:subfield></mx:datafield><mx:datafield ind1="0" ind2=" " tag="100"><mx:subfield code="a">Nossis,</mx:subfield><mx:subfield code="c">of Locri,</mx:subfield><mx:subfield code="d">3rd cent. B.C.</mx:subfield></mx:datafield><mx:datafield ind1="0" ind2=" " tag="400"><mx:subfield code="a">Nossis,</mx:subfield><mx:subfield code="c">von Lokroi,</mx:subfield><mx:subfield code="d">3rd cent. B.C.</mx:subfield></mx:datafield><mx:datafield ind1=" " ind2=" " tag="670"><mx:subfield code="a">Harrison, S. Naming the dead, 2005:</mx:subfield><mx:subfield code="b">t.p. verso (Nossis; co-author of text)</mx:subfield></mx:datafield><mx:datafield ind1=" " ind2=" " tag="670"><mx:subfield code="a">Salisbury, J.E. Encyclopedia of women in the ancient world, c2001</mx:subfield><mx:subfield code="b">(Nossis of Locri; fl. ca. 3rd cent. B.C.; Hellenistic poet and epigrammist)</mx:subfield></mx:datafield><mx:datafield ind1=" " ind2=" " tag="670"><mx:subfield code="a">Lexikon der alten Welt, c1990</mx:subfield><mx:subfield code="b">(Nossis von Lokroi)</mx:subfield></mx:datafield><mx:datafield ind1=" " ind2=" " tag="999"><mx:subfield code="a">3</mx:subfield></mx:datafield></mx:record>